<record><leader>00000cas a2200000 a 4500</leader><controlfield tag="001">37357266</controlfield><controlfield tag="008">970725d19631965vtuwr ne      0    0eng c</controlfield><datafield ind1=" " ind2=" " tag="010"><subfield code="a">sn 97067536 </subfield></datafield><datafield ind1=" " ind2=" " tag="040"><subfield code="a">NVN</subfield><subfield code="b">eng</subfield><subfield code="c">NVN</subfield><subfield code="d">OCLCQ</subfield><subfield code="d">OCLCF</subfield><subfield code="d">OCLCO</subfield></datafield><datafield ind1="1" ind2=" " tag="029"><subfield code="a">AU@</subfield><subfield code="b">000013409255</subfield></datafield><datafield ind1=" " ind2=" " tag="042"><subfield code="a">pcc</subfield></datafield><datafield ind1=" " ind2=" " tag="043"><subfield code="a">n-us-vt</subfield></datafield><datafield ind1="0" ind2="4" tag="245"><subfield code="a">The Essex County sentinel.</subfield></datafield><datafield ind1="1" ind2=" " tag="246"><subfield code="i">Subtitle:</subfield><subfield code="a">Voice of the Northeast Kingdom</subfield></datafield><datafield ind1="1" ind2=" " tag="246"><subfield code="i">Issues for Aug. 1, 1963-Oct. 23, 1963 called:</subfield><subfield code="a">News and the sentinel and the Essex County sentinel</subfield></datafield><datafield ind1="1" ind2="7" tag="246"><subfield code="a">News and the sentinel</subfield><subfield code="f">July 18, 1863, Apr. 23, Oct. 29, 1964</subfield></datafield><datafield ind1=" " ind2=" " tag="260"><subfield code="a">Island Pond, Vt. :</subfield><subfield code="b">News &amp; Sentinel Inc.,</subfield><subfield code="c">1963-1965.</subfield></datafield><datafield ind1=" " ind2=" " tag="300"><subfield code="a">v.</subfield></datafield><datafield ind1=" " ind2=" " tag="310"><subfield code="a">Weekly</subfield></datafield><datafield ind1="0" ind2=" " tag="362"><subfield code="a">Vol. 1, no. 1 (July 18, 1963)-v. 3, no. 2 (Jan. 14, 1965).</subfield></datafield><datafield ind1=" " ind2=" " tag="500"><subfield code="a">There were two publications on Oct. 2, 1963, one originating from Island Pond, Vt. and the second from Colebrook, N.H.</subfield></datafield><datafield ind1=" " ind2=" " tag="500"><subfield code="a">Published in Colebrook, N.H., Sept. 10, 1964-Jan. 14, 1965.</subfield></datafield><datafield ind1=" " ind2="0" tag="651"><subfield code="a">Essex County (Vt.)</subfield><subfield code="v">Newspapers.</subfield></datafield><datafield ind1=" " ind2="0" tag="651"><subfield code="a">Colebrook (N.H.)</subfield><subfield code="v">Newspapers.</subfield></datafield><datafield ind1=" " ind2="4" tag="651"><subfield code="a">Island Pond (Vt.)</subfield><subfield code="v">Newspapers.</subfield></datafield><datafield ind1=" " ind2="7" tag="655"><subfield code="a">Newspapers.</subfield><subfield code="2">fast</subfield><subfield code="0">(OCoLC)fst01423814</subfield></datafield><datafield ind1=" " ind2="7" tag="651"><subfield code="a">New Hampshire</subfield><subfield code="z">Colebrook.</subfield><subfield code="2">fast</subfield><subfield code="0">(OCoLC)fst01221619</subfield></datafield><datafield ind1=" " ind2="7" tag="651"><subfield code="a">Vermont</subfield><subfield code="z">Essex County.</subfield><subfield code="2">fast</subfield><subfield code="0">(OCoLC)fst01271588</subfield></datafield><datafield ind1=" " ind2=" " tag="752"><subfield code="a">United States</subfield><subfield code="b">Vermont</subfield><subfield code="c">Essex</subfield><subfield code="d">Island Pond.</subfield></datafield><datafield ind1=" " ind2=" " tag="752"><subfield code="a">United States</subfield><subfield code="b">New Hampshire</subfield><subfield code="c">Colebrook</subfield><subfield code="d">Colebrook.</subfield></datafield><datafield ind1="0" ind2=" " tag="775"><subfield code="t">News and sentinel (Colebrook, N.H. : 1934)</subfield><subfield code="w">(OCoLC)24201059</subfield></datafield><datafield ind1="0" ind2="0" tag="780"><subfield code="t">Essex County Herald</subfield></datafield></record>